@article{Geisshirt:1997,
  author  = {Kenneth Geisshirt and Eigil L. Praestgaard and Soren Toxvaerd},
  title   = {Oscillating chemical reactions and phase separation simulated by molecular dynamics},
  journal = {Journal of Chemical Physics},
  volume  = {107},
  number  = {22},
  pages   = {9406--9412},
  year    = {1997}
}

@phdthesis{Geisshirt:PhD,
  author = {Kenneth Geisshirt},
  title  = {Non-Equilibrium Molecular Dynamics Simulations: Application to Oscillating Chemical Reactions and Inelastic Colliding Particles},
  school = {Roskilde University},
  year   = {1997}
}

@book{Kuramoto:1984,
  author    = {Y. Kuramoto},
  editor    = {},
  title     = {Chemical Oscillations, Waves, and Turbulence},
  publisher = {Dover},
  year      = {1984}
}

@book{Prigogine:1984,
  author    = {I. Prigogine},
  editor    = {},
  title     = {Order out of chaos},
  publisher = {Bantam Press},
  year      = {1984}
}

@book{Nicolis:1989,
  author    = {G. Nicolis and I. Prigogine},
  editor    = {},
  title     = {Exploring complexity},
  publisher = {Freeman},
  year      = {1989}
}

@book{Hansen:1986,
  author    = {J.P. Hansen and I.R. McDonald},
  editor    = {},
  title     = {Theory of simple liquids},
  publisher = {Academic Press},
  year      = {1989}
}

@article{Lotka:1910,
  author  = {A.J. Lotka},
  title   = {Contributions to the theory of periotic reactions},
  journal = {Journal of Physical Chemical},
  volume  = {14},
  pages   = {271--274},
  year    = {1910}
}

@article{Lotka:1920,
  author  = {A.J. Lotka},
  title   = {Undamped oscillations derived from the law of mass action},
  journal = {Journal of American Chemical Society},
  volume  = {42},
  pages  =  {1595--1599},
  year    = {1920}
}

@techreport{Hultberg:1999,
  author      = {T. Hultberg},
  title       = {Meet Jensen},
  institution = {UNI-C},
  year        = {1999},
  note        = {https://www.semanticscholar.org/paper/Meet-Jensen-Unic's-Ibm-Sp-Parallel-Computer-Hultberg/6a3ffc42862b9d8d2960ef38aac60d0f30dbee42}
}